<?xml version="1.0" encoding="UTF-8"?><collection xmlns="http://www.loc.gov/MARC21/slim"><record><leader>00518nam--2200181-i-4500</leader><controlfield tag="001">000006734</controlfield><controlfield tag="002">20161230</controlfield><controlfield tag="005">20161230201026</controlfield><controlfield tag="008">060222s1000------------r-----000-0-eng-d</controlfield><datafield ind1=" " ind2=" " tag="040"><subfield code="a">IFIN-HH</subfield></datafield><datafield ind1=" " ind2=" " tag="080"><subfield code="a">539.2</subfield></datafield><datafield ind1="1" ind2=" " tag="100"><subfield code="a">Al'Tshuler, S.A</subfield></datafield><datafield ind1="1" ind2="0" tag="245"><subfield code="a">Electron paramagnetic resonance</subfield><subfield code="b">Translated by scripta technica, inc</subfield><subfield code="c">S.a. al'tshuler, b.m. kozyrev</subfield></datafield><datafield ind1=" " ind2=" " tag="260"><subfield code="a">New York</subfield><subfield code="b">Academic Press</subfield><subfield code="c">1964</subfield></datafield><datafield ind1=" " ind2=" " tag="300"><subfield code="a">XI + 372 P</subfield></datafield><datafield ind1="1" ind2=" " tag="700"><subfield code="a">Kozyrev, B.M</subfield></datafield><datafield ind1=" " ind2=" " tag="852"><subfield code="a">19675</subfield><subfield code="c">539.143.43</subfield></datafield><datafield ind1=" " ind2=" " tag="CAT"><subfield code="a">Sys</subfield><subfield code="c">20120419</subfield><subfield code="h">110921</subfield></datafield></record></collection>